[gd_scene load_steps=7 format=2]

[ext_resource path="res://levels/GiantGift/Gift.gd" type="Script" id=1]
[ext_resource path="res://levels/GiantGift/block.png" type="Texture" id=2]
[ext_resource path="res://levels/GiantGift/block_fall.wav" type="AudioStream" id=3]
[ext_resource path="res://levels/GiantGift/block_shadow.png" type="Texture" id=4]
[ext_resource path="res://levels/GiantGift/GiftShadow.gd" type="Script" id=5]

[sub_resource type="RectangleShape2D" id=1]

custom_solver_bias = 0.0
extents = Vector2( 160, 160 )

[node name="Gift" type="Area2D" groups=[
"disposable",
]]
position = Vector2( 192, -160 )
z_index = 1
z_as_relative = false
input_pickable = true
gravity_vec = Vector2( 0, 1 )
gravity = 98.0
linear_damp = 0.1
angular_damp = 1.0
audio_bus_override = false
audio_bus_name = "Master"
script = ExtResource( 1 )
__meta__ = {
"_edit_group_": true
}

[node name="Sprite" type="Sprite" parent="."]
modulate = Color( 1.25, 1.25, 1.25, 1 )
scale = Vector2( 16, 16 )
texture = ExtResource( 2 )

[node name="Collision" type="CollisionShape2D" parent="."]
visible = false
shape = SubResource( 1 )

[node name="Fall" type="AudioStreamPlayer" parent="."]
stream = ExtResource( 3 )
volume_db = 0.0
pitch_scale = 1.0
autoplay = false
stream_paused = false
mix_target = 0
bus = "Effects"

[node name="BlockShadow" type="Sprite" parent="."]
editor/display_folded = true
modulate = Color( 1, 1, 1, 0.254902 )
position = Vector2( 0, 910 )
texture = ExtResource( 4 )
script = ExtResource( 5 )
__meta__ = {
"_edit_group_": true
}

[node name="Tween" type="Tween" parent="BlockShadow"]
repeat = false
playback_process_mode = 1
playback_speed = 1.0
playback/active = false
playback/repeat = false
playback/speed = 1.0

[node name="Delay" type="Timer" parent="BlockShadow"]
process_mode = 1
wait_time = 1.0
one_shot = true
autostart = false

[connection signal="body_entered" from="." to="." method="_on_Block_body_entered"]
[connection signal="timeout" from="BlockShadow/Delay" to="BlockShadow" method="_on_Delay_timeout"]
