[gd_scene load_steps=4 format=2]

[ext_resource path="res://level/Level.tscn" type="PackedScene" id=1]
[ext_resource path="res://levels/Turtlebacks/Turtlebacks.gd" type="Script" id=2]
[ext_resource path="res://level/Water.tscn" type="PackedScene" id=3]

[node name="Turtlebacks" instance=ExtResource( 1 )]
script = ExtResource( 2 )
number = 7
title = "Turtle Backs!"

[node name="Sky" parent="." index="0"]
modulate = Color( 0.0745098, 0.152941, 0.0745098, 1 )

[node name="HillsBack" parent="." index="1"]
modulate = Color( 0.109804, 0.231373, 0.109804, 1 )

[node name="HillsFront" parent="." index="2"]
modulate = Color( 0.137255, 0.32549, 0.137255, 1 )

[node name="WallsB" parent="." index="3"]
modulate = Color( 0.0470588, 0.0901961, 0.0470588, 1 )

[node name="Foreground" parent="." index="4"]
visible = false

[node name="TurtleSpawns" type="Node2D" parent="." index="7"]
editor/display_folded = true
__meta__ = {
"_edit_lock_": true
}

[node name="Spawn1" type="Position2D" parent="TurtleSpawns" index="0"]
position = Vector2( -112, 692 )

[node name="Spawn2" type="Position2D" parent="TurtleSpawns" index="1"]
position = Vector2( 1136, 692 )

[node name="SpawnDefault1" type="Position2D" parent="TurtleSpawns" index="2"]
position = Vector2( 144, 692 )

[node name="SpawnDefault2" type="Position2D" parent="TurtleSpawns" index="3"]
position = Vector2( 880, 692 )

[node name="PlayerSpawns" type="Node2D" parent="." index="8"]
editor/display_folded = true
__meta__ = {
"_edit_lock_": true
}

[node name="PlayerSpawn1" type="Position2D" parent="PlayerSpawns" index="0"]
position = Vector2( 128, 648 )

[node name="PlayerSpawn2" type="Position2D" parent="PlayerSpawns" index="1"]
position = Vector2( 896, 648 )

[node name="TurtleSpawnDelay" type="Timer" parent="." index="9"]
one_shot = true

[node name="Water" parent="." index="13" instance=ExtResource( 3 )]
position = Vector2( 512, 720 )

[connection signal="timeout" from="TurtleSpawnDelay" to="." method="_on_TurtleSpawnDelay_timeout"]
